@InProceedings{Deshmukh2016,
  author    = {Akshay D. Deshmukh and Ulhas B. Shinde},
  booktitle = {2016 International Conference on Inventive Computation Technologies ({ICICT})},
  title     = {A low cost environment monitoring system using raspberry {P}i and arduino with {Z}igbee},
  year      = {2016},
  month     = {aug},
  publisher = {{IEEE}},
  doi       = {10.1109/inventive.2016.7830096},
}

@InProceedings{Teo2010,
  author    = {K.T.K. Teo and W.Y. Kow and Y.K. Chin},
  booktitle = {2010 Second International Conference on Computational Intelligence, Modelling and Simulation},
  title     = {Optimization of {T}raffic {F}low within an {U}rban {T}raffic {L}ight {I}ntersection with {G}enetic {A}lgorithm},
  year      = {2010},
  month     = {sep},
  publisher = {{IEEE}},
  doi       = {10.1109/cimsim.2010.95},
}

@Article{Jin2017,
  author    = {Junchen Jin and Xiaoliang Ma and Iisakki Kosonen},
  journal   = {Control Engineering Practice},
  title     = {An intelligent control system for traffic lights with simulation-based evaluation},
  year      = {2017},
  month     = {jan},
  pages     = {24--33},
  volume    = {58},
  doi       = {10.1016/j.conengprac.2016.09.009},
  publisher = {Elsevier {BV}},
}

@Article{Tomar2022,
  author    = {Ishu Tomar and Indu Sreedevi and Neeta Pandey},
  journal   = {Electronics},
  title     = {State-of-{A}rt {R}eview of {T}raffic {L}ight {S}ynchronization for {I}ntelligent {V}ehicles: {C}urrent {S}tatus, {C}hallenges, and {E}merging {T}rends},
  year      = {2022},
  month     = {feb},
  number    = {3},
  pages     = {465},
  volume    = {11},
  doi       = {10.3390/electronics11030465},
  publisher = {{MDPI} {AG}},
}

@InProceedings{Zhang2018,
  author    = {R. Zhang and F. Schmutz and K. Gerard and A. Pomini and L. Basseto and S. B. Hassen and A. Jaiprakash and I. Ozgunes and A. AlArifi and H. Aldossary and I. AIKurtass and O. Talabay and A. AlMhanna and S. AlGhamisi and M. AlSaleh and A. A. Biyabani and K. Al-Ghoneim and O. K. Tonguz},
  booktitle = {{IECON} 2018 - 44th Annual Conference of the {IEEE} Industrial Electronics Society},
  title     = {Increasing {T}raffic {F}lows with {DSRC} {T}echnology: {F}ield {T}rials and {P}erformance {E}valuation},
  year      = {2018},
  month     = {oct},
  publisher = {{IEEE}},
  doi       = {10.1109/iecon.2018.8591074},
}

@Article{Neudecker2012,
  author  = {Neudecker, Till and An, Natalya and Tonguz, O.K. and Gaugel, Tristan and Mittag, Jens},
  journal = {VANET '12: Proceedings of the ninth ACM international workshop on Vehicular inter-networking, systems, and applications},
  title   = {Feasibility of virtual traffic lights in non-line-of-sight environments},
  year    = {2012},
  month   = {06},
  doi     = {10.1145/2307888.2307907},
}

@InProceedings{Sheeny2021,
  author    = {Marcel Sheeny and Emanuele De Pellegrin and Saptarshi Mukherjee and Alireza Ahrabian and Sen Wang and Andrew Wallace},
  booktitle = {2021 {IEEE} International Conference on Robotics and Automation ({ICRA})},
  title     = {{RADIATE}: A Radar Dataset for Automotive Perception in Bad Weather},
  year      = {2021},
  month     = {may},
  publisher = {{IEEE}},
  doi       = {10.1109/icra48506.2021.9562089},
}

@InProceedings{Kenney2011IOT,
  author    = {Dex R. Aleko and Soufiene Djahel},
  booktitle = {2019 {IEEE} International Smart Cities Conference ({ISC}2)},
  title     = {An {IoT} {E}nabled {T}raffic {L}ight {C}ontrollers {S}ynchronization {M}ethod for {R}oad {T}raffic {C}ongestion {M}itigation},
  year      = {2019},
  month     = {oct},
  publisher = {{IEEE}},
  doi       = {10.1109/isc246665.2019.9071667},
}

@Article{Kenney2011,
  author  = {Kenney, John},
  journal = {Proceedings of the IEEE},
  title   = {Dedicated Short-Range Communications (DSRC) Standards in the United States},
  year    = {2011},
  month   = {08},
  pages   = {1162 - 1182},
  volume  = {99},
  doi     = {10.1109/JPROC.2011.2132790},
}

@Article{Loder2019,
  author    = {Allister Loder and Lukas Amb√ºhl and Monica Menendez and Kay W. Axhausen},
  journal   = {Scientific Reports},
  title     = {Understanding traffic capacity of urban networks},
  year      = {2019},
  month     = {nov},
  number    = {1},
  volume    = {9},
  doi       = {10.1038/s41598-019-51539-5},
  publisher = {Springer Science and Business Media {LLC}},
}

@Comment{jabref-meta: databaseType:bibtex;}
